@book{latex,
  title = {LaTeX : A Documentation Preparation System User's Guide and Reference Manual},
  publisher = {Addison-Wesley Professional},
  year = {1994},
  author = {Leslie Lamport}
}

@book{thalerbook,
  title = {Proofs, Arguments, and Zero-Knowledge},
  publisher = {Now Publishers Inc},
  year = {2022},
  author = {Justin Thaler}
}

@inproceedings{KZG,
  title={Constant-Size Commitments to Polynomials and Their Applications},
  booktitle={Advances in Cryptology - ASIACRYPT 2010 - 16th International Conference on the Theory and Application of Cryptology and Information Security},
  series={Lecture Notes in Computer Science},
  publisher={Springer},
  volume={6477},
  pages={177-194},
  url={https://www.iacr.org/archive/asiacrypt2010/6477178/6477178.pdf},
  doi={10.1007/978-3-642-17373-8_11},
  author={Aniket Kate and Gregory M. Zaverucha and Ian Goldberg},
  year=2010
}

@misc{gamesB&R,
      author = {Mihir Bellare and Phillip Rogaway},
      title = {Code-Based Game-Playing Proofs and the Security of Triple Encryption},
      howpublished = {Cryptology ePrint Archive, Paper 2004/331},
      year = {2004},
      note = {\url{https://eprint.iacr.org/2004/331}},
      url = {https://eprint.iacr.org/2004/331}
}

@misc{shoup_games,
      author = {Victor Shoup},
      title = {Sequences of games: a tool for taming complexity in security proofs},
      howpublished = {Cryptology ePrint Archive, Paper 2004/332},
      year = {2004},
      note = {\url{https://eprint.iacr.org/2004/332}},
      url = {https://eprint.iacr.org/2004/332}
}

@misc{boneh_shoup,
      author = {Dan Boneh and Victor Shoup},
      title = {A Graduate Course in Applied Cryptography},
      year = {2023},
      note = {\url{http://toc.cryptobook.us/book.pdf}},
      url = {http://toc.cryptobook.us/book.pdf}
}

@book{algebra,
  title = {Algebra},
  publisher = {Springer New York, NY},
  year = {2002},
  author = {Serge Lang},
  volume = {3}
}

@misc{AGM,
      author = {Georg Fuchsbauer and Eike Kiltz and Julian Loss},
      title = {The Algebraic Group Model and its Applications},
      howpublished = {Cryptology ePrint Archive, Paper 2017/620},
      year = {2017},
      note = {\url{https://eprint.iacr.org/2017/620}},
      url = {https://eprint.iacr.org/2017/620}
}

@book{ac_handbook,
  title = {Handbook of Applied Cryptography},
  publisher = {CRC Press},
  year = {1996},
  author = {Alfred John Menezes and Paul C. van Oorschot and Scott A. Vanstone},
}

@article{Berlekamp_Zassenhaus-AFP,
  author  = {Jose Divasón and Sebastiaan J. C. Joosten and René Thiemann and Akihisa Yamada},
  title   = {The Factorization Algorithm of Berlekamp and Zassenhaus},
  journal = {Archive of Formal Proofs},
  month   = {October},
  year    = {2016},
  note    = {\url{https://isa-afp.org/entries/Berlekamp_Zassenhaus.html},
             Formal proof development},
  ISSN    = {2150-914x},
}

@article{Polynomial_Interpolation-AFP,
  author  = {René Thiemann and Akihisa Yamada},
  title   = {Polynomial Interpolation},
  journal = {Archive of Formal Proofs},
  month   = {January},
  year    = {2016},
  note    = {\url{https://isa-afp.org/entries/Polynomial_Interpolation.html},
             Formal proof development},
  ISSN    = {2150-914x},
}

@article{CryptHOL-AFP,
  author  = {Andreas Lochbihler},
  title   = {CryptHOL},
  journal = {Archive of Formal Proofs},
  month   = {May},
  year    = {2017},
  note    = {\url{https://isa-afp.org/entries/CryptHOL.html},
             Formal proof development},
  ISSN    = {2150-914x},
}

@misc{isabelle_manual,
  author       = {Markarius Wenzel},
  howpublished = {\url{https://isabelle.in.tum.de/dist/Isabelle2023/doc/isar-ref.pdf}},
  title        = {The Isabelle/Isar Reference Manual},
  year         = {2023}
}

@misc{plonk,
      author = {Ariel Gabizon and Zachary J.  Williamson and Oana Ciobotaru},
      title = {PLONK: Permutations over Lagrange-bases for Oecumenical Noninteractive arguments of Knowledge},
      howpublished = {Cryptology ePrint Archive, Paper 2019/953},
      year = {2019},
      note = {\url{https://eprint.iacr.org/2019/953}},
      url = {https://eprint.iacr.org/2019/953}
}

@misc{CryptHOL_game_based,
      author = {David A.  Basin and Andreas Lochbihler and S.  Reza Sefidgar},
      title = {CryptHOL: Game-based Proofs in Higher-order Logic},
      howpublished = {Cryptology ePrint Archive, Paper 2017/753},
      year = {2017},
      note = {\url{https://eprint.iacr.org/2017/753}},
      url = {https://eprint.iacr.org/2017/753}
}


